%%%%%%%%%% Este es el formato para la bibliografia en Miscelanea Matematica %%%%%%%%%
%% Se dan ejemplos de articulos en revistas y proceeding, tesis y libros. 
%% En la primera linea va el nombre que se quiera dar a la referencia 

@book{wisbauer2018foundations,
  title={Foundations of module and ring theory},
  author={Wisbauer, Robert},
  year={2018},
  publisher={Routledge}
}

@article{dieudonne1944generalisation,
  title={Une g{\'e}n{\'e}ralisation des espaces compacts},
  author={Dieudonn{\'e}, JA},
  journal={J. Math. Pures. Appl.},
  volume={23},
  pages={65--76},
  year={1944}
}

@book{murphy2014c,
  title={C*-algebras and operator theory},
  author={Murphy, Gerald J},
  year={2014},
  publisher={Academic press}
}









































